@book{sutton1991sunk,
  title={Sunk costs and market structure: Price competition, advertising, and the evolution of concentration},
  author={Sutton, John},
  year={1991},
  publisher={MIT press}
}

@article{latcovich2001pricing,
  title={Pricing, sunk costs, and market structure online: evidence from book retailing},
  author={Latcovich, Simon and Smith, Howard},
  journal={Oxford Review of Economic Policy},
  volume={17},
  number={2},
  pages={217--234},
  year={2001},
  publisher={Oxford Univ Press}
}

@book{wilson2011branding,
  title={Branding, Cannibalization, and Spatial Preemption: An Application to the Hotel Industry},
  author={Wilson, Nathan E},
  year={2011},
  publisher={Bureau of Economics, Federal Trade Commission}
}

@article{ingram1996organizational,
  title={Organizational form as a solution to the problem of credible commitment: The evolution of naming strategies among US hotel chains, 1896--1980},
  author={Ingram, Paul},
  journal={Strategic management journal},
  volume={17},
  number={S1},
  pages={85--98},
  year={1996},
  publisher={Wiley Online Library}
}

@article{phillips2013terrorist,
  title={Terrorist group cooperation and longevity},
  author={Phillips, Brian J},
  journal={International Studies Quarterly},
  year={2013},
  publisher={Wiley Online Library}
}

@book{wilson2011branding,
  title={Branding, Cannibalization, and Spatial Preemption: An Application to the Hotel Industry},
  author={Wilson, Nathan E},
  year={2011},
  publisher={Bureau of Economics, Federal Trade Commission}
}

@article{wilson2012local,
  title={Local Market Structure and Strategic Organizational Form Choices: Evidence from Gasoline Stations},
  author={Wilson, Nathan},
  journal={Federal Trade Commission, Bureau of Economics, Working Paper},
  number={311},
  year={2012}
}

@article{zelinsky2009research,
  title={Research Note: Terrorist Groups as Business Firms: A New Typological Framework},
  author={Zelinsky, Aaron and Shubik, Martin},
  journal={Terrorism and Political Violence},
  volume={21},
  number={2},
  pages={327--336},
  year={2009},
  publisher={Taylor \& Francis}
}

